<record><leader>00000cas a22000007a 4500</leader><controlfield tag="001">14563262</controlfield><controlfield tag="008">861029d18881889paumr ne      0    0eng d</controlfield><datafield ind1=" " ind2=" " tag="010"><subfield code="a">sn 86083309 </subfield></datafield><datafield ind1=" " ind2=" " tag="040"><subfield code="a">NPH</subfield><subfield code="b">eng</subfield><subfield code="c">NPH</subfield><subfield code="d">OCLCQ</subfield></datafield><datafield ind1=" " ind2=" " tag="042"><subfield code="a">msc</subfield></datafield><datafield ind1="0" ind2="4" tag="245"><subfield code="a">The Riverside intelligencer.</subfield></datafield><datafield ind1=" " ind2=" " tag="260"><subfield code="a">Covington, Tioga County, Pa. :</subfield><subfield code="b">S.D. Forrest</subfield></datafield><datafield ind1=" " ind2=" " tag="300"><subfield code="a">v. ;</subfield><subfield code="c">30 cm.</subfield></datafield><datafield ind1=" " ind2=" " tag="310"><subfield code="a">Monthly</subfield></datafield><datafield ind1="1" ind2=" " tag="362"><subfield code="a">Began Feb. 1888; ceased Aug. 1889.</subfield><subfield code="z">Cf. Rossell, G. Pa. newspapers.</subfield></datafield><datafield ind1=" " ind2=" " tag="588"><subfield code="a">Description based on: Vol. 1, no. 11 (Dec. 15, 1888).</subfield></datafield><datafield ind1=" " ind2=" " tag="752"><subfield code="a">United States</subfield><subfield code="b">Pennsylvania</subfield><subfield code="c">Tioga</subfield><subfield code="d">Covington.</subfield></datafield><datafield ind1="0" ind2="0" tag="785"><subfield code="t">Covington intelligencer</subfield><subfield code="w">(DLC)sn 87080355</subfield></datafield></record>